<collection xmlns="http://www.loc.gov/MARC21/slim">
<record>
  <leader>01058nam0a22001811i 450 </leader>
  <controlfield tag="001">IT\ICCU\CNCE\075649</controlfield>
  <controlfield tag="005">20110211000000.0</controlfield>
  <datafield tag="012" ind1=" " ind2=" ">
    <subfield code="a">uodo deo- daal uaen (C) 1548 (Q)</subfield>
    <subfield code="2">fei</subfield>
  </datafield>
  <datafield tag="100" ind1=" " ind2=" ">
    <subfield code="a">20110211f1548        0itac0103    ba</subfield>
  </datafield>
  <datafield tag="101" ind1=" " ind2=" ">
    <subfield code="a">ITA</subfield>
  </datafield>
  <datafield tag="102" ind1=" " ind2=" ">
    <subfield code="a">IT</subfield>
  </datafield>
  <datafield tag="200" ind1="1" ind2=" ">
    <subfield code="a">℗La ℗partita da Barcellona dello illustrissimo principe &amp; signore, el signore infante figliuolo dello imperatore, con li particulari del suo uiaggio &amp; la sua gionta, &amp; entrata in Genoua con li gran triomphi &amp; feste celebrate per li signori genouesi, &amp; il numero delli soldati che conduce con seco &amp; similmente le strane forme de animali portati nuouamente da le Indie, nella corte felice de sua alteza \!!</subfield>
  </datafield>
  <datafield tag="210" ind1=" " ind2=" ">
    <subfield code="d">\1548?!</subfield>
  </datafield>
  <datafield tag="215" ind1=" " ind2=" ">
    <subfield code="a">\4! c.</subfield>
    <subfield code="d">8</subfield>
  </datafield>
  <datafield tag="300" ind1=" " ind2=" ">
    <subfield code="a">Per la data cfr. altra ed. citata in F. Barberi, Annali della tipografia romana di Baldassarre jr. e Girolama Cartolari (1540-1559), in &quot;La bibliofilia&quot;, 53 (1951), p. 111, n. 115</subfield>
  </datafield>
  <datafield tag="712" ind1="0" ind2="2">
    <subfield code="a">s.n.</subfield>
    <subfield code="3">IT\ICCU\CNCT\000002</subfield>
    <subfield code="4">650</subfield>
  </datafield>
  <datafield tag="801" ind1=" " ind2="3">
    <subfield code="a">IT</subfield>
    <subfield code="b">ICCU</subfield>
    <subfield code="c">20201115</subfield>
  </datafield>
  <datafield tag="899" ind1=" " ind2=" ">
    <subfield code="a">Biblioteca Estense Universitaria. Modena</subfield>
    <subfield code="1">MO0089</subfield>
    <subfield code="2">MOD BE</subfield>
  </datafield>
</record>
</collection>
